<record><leader>00000cas a22000007a 4500</leader><controlfield tag="001">19570807</controlfield><controlfield tag="008">890419d19141957pauwr ne      0    0eng d</controlfield><datafield ind1=" " ind2=" " tag="010"><subfield code="a">sn 89077485 </subfield></datafield><datafield ind1=" " ind2=" " tag="040"><subfield code="a">NPH</subfield><subfield code="b">eng</subfield><subfield code="c">NPH</subfield><subfield code="d">PV7</subfield><subfield code="d">OCLCQ</subfield><subfield code="d">OCLCF</subfield><subfield code="d">OCLCO</subfield></datafield><datafield ind1=" " ind2=" " tag="042"><subfield code="a">msc</subfield></datafield><datafield ind1=" " ind2=" " tag="043"><subfield code="a">n-us-pa</subfield></datafield><datafield ind1="0" ind2=" " tag="130"><subfield code="a">Local ledger (Christiana, Pa.)</subfield></datafield><datafield ind1="1" ind2="0" tag="245"><subfield code="a">Local ledger.</subfield></datafield><datafield ind1=" " ind2=" " tag="260"><subfield code="a">Christiana, Pa. :</subfield><subfield code="b">A.J. Melcher,</subfield><subfield code="c">1914-</subfield></datafield><datafield ind1=" " ind2=" " tag="300"><subfield code="a">v. :</subfield><subfield code="b">ill. ;</subfield><subfield code="c">62 cm.</subfield></datafield><datafield ind1=" " ind2=" " tag="310"><subfield code="a">Weekly</subfield></datafield><datafield ind1="0" ind2=" " tag="362"><subfield code="a">Vol. 32, no. 11 (Dec. 12, 1914)-</subfield></datafield><datafield ind1="1" ind2=" " tag="362"><subfield code="a">Ceased in 1957?</subfield></datafield><datafield ind1=" " ind2=" " tag="500"><subfield code="a">"Devoted to the interests of Christiana, Parkesburg, Atglen, Gap and Local villages."</subfield></datafield><datafield ind1=" " ind2="0" tag="650"><subfield code="a">Newspapers.</subfield></datafield><datafield ind1=" " ind2="0" tag="651"><subfield code="a">Christiana (Pa.)</subfield><subfield code="v">Newspapers.</subfield></datafield><datafield ind1=" " ind2="7" tag="655"><subfield code="a">Newspapers.</subfield><subfield code="2">fast</subfield><subfield code="0">(OCoLC)fst01423814</subfield></datafield><datafield ind1=" " ind2="7" tag="650"><subfield code="a">Newspapers.</subfield><subfield code="2">fast</subfield><subfield code="0">(OCoLC)fst01037111</subfield></datafield><datafield ind1=" " ind2="7" tag="651"><subfield code="a">Pennsylvania</subfield><subfield code="z">Christiana.</subfield><subfield code="2">fast</subfield><subfield code="0">(OCoLC)fst01211691</subfield></datafield><datafield ind1=" " ind2=" " tag="752"><subfield code="a">United States</subfield><subfield code="b">Pennsylvania</subfield><subfield code="c">Lancaster</subfield><subfield code="d">Christiana.</subfield></datafield><datafield ind1="0" ind2="0" tag="780"><subfield code="t">Christiana ledger</subfield><subfield code="w">(DLC)sn 89077163</subfield></datafield><datafield ind1="0" ind2="7" tag="785"><subfield code="t">Quarryville sun (Quarryville, Pa. : 1900)</subfield><subfield code="w">(DLC)sn 87078491</subfield></datafield><datafield ind1="0" ind2="7" tag="785"><subfield code="t">Sun &amp; local ledger</subfield><subfield code="w">(OCoLC)19644390</subfield></datafield></record>